@Collection{wiki_py,
    author  = {{Wikimedia Foundation, Inc}},
    title   = {Python (programming language)},
    year    = {2023},
    url     = {https://en.wikipedia.org/wiki/Python_(programming_language)},
}

@Collection{wiki_c,
    author  = {{Wikimedia Foundation, Inc}},
    title   = {C++},
    year    = {2023},
    url     = {https://en.wikipedia.org/wiki/C\%2B\%2B},
}


@techreport{cn51,
    author  = {中国互联网络信息中心},
    title   = {第51次中国互联网络发展状况统计报告},
    year    = {2023},
    url     = {https://cnnic.cn/NMediaFile/2023/0322/MAIN16794576367190GBA2HA1KQ.pdf},
}

@Book{t_c,
    author      = {Bruce Eckel and {MindView, Inc}},
    title       = {Thinking in C++},
    editor      = {Scott Disanno},
    address     = {Upper Saddle River, New Jersey 07632},
    publisher   = {Alan Apt},
    year        = {2000},
    volume      = {1},
    pages       = {72},
}


@Article{phash,
    author  = {D. Marr and E. Hildreth},
    journal = {Proceedings of the Royal Society of London. Series B, Biological sciences},
    title   = {Theory of edge detection},
    year    = {1980},
    number  = {1167},
    pages   = {187-217},
    volume  = {207},
    doi     = {10.1098/rspb.1980.0020},
}

@Article{test0,
  author  = {I. Babuv{\v{s}}ka and W. C. Rheinboldt},
  journal = {{SIAM} J. Numer. Anal.},
  title   = {Error Estimates for Adaptive Finite Element Computations},
  year    = {1978},
  number  = {4},
  pages   = {736--754},
  volume  = {15},
  doi     = {10.1137/0715049},
}

@Article{test1,
  author   = {I. Babu{\v{s}}ka and W. C. Rheinboldt},
  journal  = {Int. J. Numer. Methods Eng.},
  title    = {A-posteriori error estimates for the finite element method},
  year     = {1978},
  number   = {10},
  pages    = {1597--1615},
  volume   = {12},
  doi      = {10.1002/nme.1620121010},
  fjournal = {International Journal for Numerical Methods in Engineering},
}

@Article{test2,
  author   = {O. C. Zienkiewicz and J. Z. Zhu and N. G. Gong},
  journal  = {Int. J. Numer. Methods Eng.},
  title    = {Effective and practicalh-p-version adaptive analysis procedures for the finite element method},
  year     = {1989},
  number   = {4},
  pages    = {879--891},
  volume   = {28},
  doi      = {10.1002/nme.1620280411},
  fjournal = {International Journal for Numerical Methods in Engineering},
}

@Article{test3,
  author   = {J. Sirignano and K. Spiliopoulos},
  journal  = {J. Comput. Phys.},
  title    = {{DGM}: A deep learning algorithm for solving partial differential equations},
  year     = {2018},
  pages    = {1339--1364},
  volume   = {375},
  doi      = {10.1016/j.jcp.2018.08.029},
  fjournal = {Journal of Computational Physics},
}

@Phdthesis{qt_d,
    author  = {贾锋},
    title   = {基于Qt的卷积神经网络辅助设计系统},
    year    = {2017},
    pages   = {28},
    address = {长春},
    school  = {吉林大学},
}


@Online{eagle_count,
    author  = {{Similarweb, Ltd}},
    title   = {cn.eagle.cool Competitors},
    year    = {2023},
    url     = {https://www.similarweb.com/website/cn.eagle.cool/competitors/},
}

@Online{free,
    author  = {{Free Software Foundation, Inc}},
    title   = {What is Free Software?},
    year    = {2023},
    url     = {https://www.gnu.org/philosophy/free-sw.html},
}

@Online{eagle,
    author  = {{Ogdesign, Inc}},
    title   = {Eagle - Organize all your reference images in one place},
    year    = {2023},
    url     = {https://eagle.cool/},
}

@Online{pixcall,
    author  = {杭州简易网络有限公司},
    title   = {Pixcall - 云端同步的素材管理利器},
    year    = {2023},
    url     = {https://pixcall.com/},
}

@Online{billfish,
    author  = {苏州长嘴鱼软件有限公司},
    title   = {Billfish素材管家——创意设计必备素材管理工具},
    year    = {2023},
    url     = {https://www.billfish.cn/},
}

@Online{celum,
    author  = {{CELUM}},
    title   = {Make content work with CELUM},
    year    = {2023},
    url     = {https://www.celum.com/},
}

@Online{canto,
    author  = {{Canto, Inc}},
    title   = {Canto - The leader in digital asset management solutions},
    year    = {2023},
    url     = {https://www.canto.com/},
}

@Online{bynder,
    author  = {Bynder},
    title   = {Digital asset management: Organize your creative files},
    year    = {2023},
    url     = {https://www.bynder.com/},
}

@Online{digikam,
    author  = {{digiKam Team}},
    title   = {digiKam},
    year    = {2023},
    url     = {https://www.digikam.org/},
}

@Online{eda,
    author  = {Sadra Yahyapour},
    title   = {Event-Driven Architecture in Python},
    year    = {2022},
    url     = {https://imsadra.me/event-driven-architecture-in-python},
}

@Online{pep206,
    author  = {A. M. Kuchling},
    title   = {PEP 206 – Python Advanced Library},
    year    = {2000},
    url     = {https://peps.python.org/pep-0206/},
}

@Online{whats_py,
    author  = {{Python Software Foundation}},
    title   = {What is Python? Executive Summary},
    year    = {2023},
    url     = {https://www.python.org/doc/essays/blurb/},
}

@Online{about_py,
    author  = {{Python Software Foundation}},
    title   = {About Python},
    year    = {2023},
    url     = {https://www.python.org/about/},
}

@Online{c_py,
    author  = {{Python Software Foundation}},
    title   = {The Python programming language},
    year    = {2023},
    url     = {https://github.com/python/cpython},
}

@Online{cmodule_py,
    author  = {{Python Software Foundation}},
    title   = {Extending Python with C or C++},
    year    = {2023},
    url     = {https://docs.python.org/3/extending/extending.html},
}

@Online{bs_c,
    author  = {Bjarne Stroustrup},
    title   = {When was C++ invented?},
    year    = {2021},
    url     = {https://www.stroustrup.com/bs_faq.html#invention},
}

@Online{tiobe,
    author  = {TIOBE},
    title   = {TIOBE Index for May 2023},
    year    = {2023},
    url     = {https://www.tiobe.com/tiobe-index/},
}

@Online{eagle_line,
    author  = {Augus Chen},
    title   = {Eagle 产品路线图},
    year    = {2023},
    url     = {https://trello.com/b/YgBOPQ6x/eagle-\%E4\%BA\%A7\%E5\%93\%81\%E8\%B7\%AF\%E7\%BA\%BF\%E5\%9B\%BE},
}

@Online{eagle_api,
    author  = {Rao Meetqy},
    title   = {让你的 Eagle 拥有查询 API 能力},
    year    = {2022},
    url     = {https://github.com/meetqy/eagle-api},
}

@Online{rua,
    author  = {Rao Meetqy},
    title   = {RAO.PICS 默认主题},
    year    = {2023},
    url     = {https://github.com/rao-pics/rua},
}

@Online{rua_fork,
    author  = {Rao Meetqy and Elaina},
    title   = {RAO.PICS 默认主题},
    year    = {2023},
    url     = {https://github.com/userElaina/raopics-rua},
}

@Online{rua_docs,
    author  = {Rao Meetqy},
    title   = {API},
    year    = {2023},
    url     = {https://docs.rao.pics/docs/},
}


@Comment{jabref-meta: databaseType:bibtex;}
